@book{koza92,
		author    = "Koza, John R.",
		title     = "Genetic Programming: On the Programming of Computers by Means of Natural Selection",
		publisher = "MIT Press",
		year      = "1992"
}


@misc{ wiki:latex,
       author = "Wikipedia",
       title = "LaTeX --- Wikipedia{,} La enciclopedia libre",
       year = "2015",
       url = "https://es.wikipedia.org/w/index.php?title=LaTeX&oldid=84209252",
       note = "[Internet; descargado 30-septiembre-2015]"
}
@misc{ wiki:hough,
       author = "Wikipedia",
       title = "La transformada de hough",
       year = "2015",
       url = "https://es.wikipedia.org/wiki/Transformada_de_Hough",
       note = "[Psudocódigo transformada de hough]"
}
@misc{ Numpy,
       author = "Scypi.org",
       title = "Biblioteca de funciones python",
       year = "2013",
       url = "http://www.numpy.org/",
       note = "[ Biblioteca de funciones]"
}


@misc{ pat:patHough,
       author = "Paul Hough",
       title = "Patente de paul hough Line transform",
       year = "1962",
       url = "https://www.google.com/patents/US3069654",
       note = "[Internet; descargado 26-septiembre-2016]"
}
@misc{ modelo:hsv,
       author = "Alvy Ray Smith",
       title = "Modelo HSV",
       year = "1978",
       url = "https://es.wikipedia.org/wiki/Modelo_de_color_HSV",
       note = "[HSV es lo mismo que HSB pero no que HSB NI HSL]"
}
@misc{ opencv:houghIm,
       author = "Bradski, G.",
       title = "Transformada de hough",
       year = "2000",
       url = "http://code.opencv.org/projects/opencv/wiki/CiteOpenCV",
       note = "[imagen de la documentacion de OpenCv]"
}

@misc{ Manual:HAE,
       author = "Cesar Represa",
       title = "Manual de hardware de aplicacion especifica",
       year = "2015",
       OPTorganization = {Universidad de Burgos},
       note = "[imagen de la documentacion de OpenCv]"
}
@article{Kiryati20001157,
title = "Randomized or probabilistic Hough transform: unified performance evaluation ",
journal = "Pattern Recognition Letters ",
volume = "21",
number = "13–14",
pages = "1157 - 1164",
year = "2000",
note = "Selected Papers from The 11th Scandinavian Conference on Image ",
issn = "0167-8655",
doi = "http://dx.doi.org/10.1016/S0167-8655(00)00077-5",
url = "http://www.sciencedirect.com/science/article/pii/S0167865500000775",
author = "Nahum Kiryati and Heikki Kälviäinen and Satu Alaoutinen",
keywords = "Performance evaluation",
keywords = "Probabilistic Hough transform (PHT)",
keywords = "Randomized Hough transform (RHT) "
}


@misc{ scik:skeleton,
 	   title = {scikit-image: image processing in {P}ython},
       author = {van der Walt, {S}t\'efan and {S}ch\"onberger, {J}ohannes 		{L}. and
           {Nunez-Iglesias}, {J}uan and {B}oulogne, {F}ran\c{c}ois and {W}arner,
           {J}oshua {D}. and {Y}ager, {N}eil and {G}ouillart, {E}mmanuelle and
           {Y}u, {T}ony and the scikit-image contributors},
 year = {2014},
       url = "http://scikit-image.org/docs/dev/auto_examples/		plot_skeleton.html",
       note = "[Internet; descargado 26-septiembre-2016]"
}

@article{bortolot2005,
  title={Estimating forest biomass using small footprint LiDAR data: An individual tree-based approach that incorporates training data},
  author={Bortolot, Zachary J and Wynne, Randolph H},
  journal={ISPRS Journal of Photogrammetry and Remote Sensing},
  volume={59},
  number={6},
  pages={342--360},
  year={2005},
  publisher={Elsevier}
}

