@misc{ wiki:Laplace,
       author = "Wikipedia",
       title = "Laplace",
       year = "2016",
       url = "https://en.wikipedia.org/wiki/Discrete_Laplace_operator",
       note = "[Kernel de Laplace]"
}
@Article{Rebeca:garcia,
author = {Rebeca García-González},
title = {Dietary inferences through dental microwear and isotope analyses of the Lower Magdalenian individual from El Mirón Cave (Cantabria, Spain)},
journal = {Journal of Archaeological Science},
year = {2015},
}
@misc{ wiki:Prewitt,
       author = "Wikipedia",
       title = "Prewitt",
       year = "2016",
       url = "https://en.wikipedia.org/wiki/Prewitt_operator",
       note = "[Kernel de Prewitt]"
}
@misc{ Wiki:Grafos,
       author = "Wikipedia",
       title = "Teoría de Grafos",
       year = "-,",
       url = "https://es.wikipedia.org/wiki/Teor%C3%ADa_de_grafos",
       note = "[Modelo matemático]"
}
@misc{ wiki:confMatrix,
       author = "Wikipedia",
       title = "Matriz de confusión",
       year = "-,",
       url = "https://en.wikipedia.org/wiki/Confusion_matrix",
       note = "[Matriz de confusión y medidas de clalidad]"
}
@misc{ wiki:machineMCC,
       author = "Wikipedia",
       title = "Medida MCC",
       year = "-,",
       url = "https://en.wikipedia.org/wiki/Matthews_correlation_coefficient",
       note = "[Usada en Machine Learning]"
}
@Article{Xu2010,
author="Xu, Lili
and Luo, Shuqian",
title="A novel method for blood vessel detection from retinal images",
journal="BioMedical Engineering OnLine",
year="2010",
volume="9",
number="1",
pages="14",
abstract="The morphological changes of the retinal blood vessels in retinal images are important indicators for diseases like diabetes, hypertension and glaucoma. Thus the accurate segmentation of blood vessel is of diagnostic value.",
issn="1475-925X",
doi="10.1186/1475-925X-9-14",
url="http://dx.doi.org/10.1186/1475-925X-9-14"
}

@misc{ ubu:Rebe,
       author = "Rebeca",
       title = "PALEOBIOLOGÍA Y PALEOECOLOGÍA DE HOMÍNIDOS",
       year = "2013",
       url = "http://www3.ubu.es/atapuerca/curri_rebe.html",
       note = "[Currículum Rebeca García González]"
}
@misc{ wiki:deep,
       author = "Wikipedia",
       title = "Deep Learning",
       year = "2016",
       url = "https://es.wikipedia.org/wiki/Aprendizaje_profundo",
       note = "[Aprendizaje profundo]"
}

@misc{ wiki:Scharr,
       author = "Johncostela",
       title = "Scharr",
       year = "2016",
       url = "http://johncostella.com/edgedetect/",
       note = "[Kernel de Scharr]"
}
@misc{ wiki:Sobel,
       author = "Wikipedia",
       title = "Sobel",
       year = "2016",
       url = "https://es.wikipedia.org/wiki/Operador_Sobel",
       note = "[Kernel de Sobel]"
}

@misc{ wiki:Roberts,
       author = "Wikipedia",
       title = "Roberts",
       year = "2016",
       url = "https://en.wikipedia.org/wiki/Roberts_cross",
       note = "[Kernel de Roberts]"
}
@misc{ wiki:Kirsch,
       author = "Wikipedia",
       title = "Kirsch",
       year = "2016",
       url = "https://en.wikipedia.org/wiki/Kirsch_operator",
       note = "[Kernel de Kirsch]"
}

@misc{ wiki:Canny,
       author = "Wikipedia",
       title = "Canny",
       year = "2016",
       url = "https://es.wikipedia.org/wiki/Algoritmo_de_Canny",
       note = "[Metodo de canny]"
}

@misc{ wiki:Gabor,
       author = "Wikipedia",
       title = "Gabor",
       year = "2016",
       url = "https://en.wikipedia.org/wiki/Gabor_filter",
       note = "[Kernel de Gabor]"
}
@misc{ wiki:Hessiana,
       author = "Wikipedia",
       title = "Hessiana",
       year = "2016",
       url = "https://en.wikipedia.org/wiki/Hessian_matrix",
       note = "[Matriz Hessiana]"
}

@misc{ wiki:kernels,
       author = "Wikipedia",
       title = "Kernels",
       year = "2016",
       url = "https://en.wikipedia.org/wiki/Kernel_(image_processing)",
       note = "[Tipos de Kernels]"
}

@book{koza92,
		author    = "Koza, John R.",
		title     = "Genetic Programming: On the Programming of Computers by Means of Natural Selection",
		publisher = "MIT Press",
		year      = "1992"
}



@misc{ wiki:Mediador,
       author = "Wikipedia",
       title = "Patron de diseño Mediador",
       year = "2016",
       url = "https://es.wikipedia.org/wiki/Mediator_(patr%C3%B3n_de_dise%C3%B1o)",
       note = "[Patron de diseño Mediador]"
}
@book{Scrum,
		author    = "Juan Palacio, Claudia Ruata",
		title     = "Scrum Manager Gestion de proyectos",
		publisher = "Safe Creative",
		year      = "Enero-2011"
}

@misc{ wiki:Dyn,
       author = "Wikipedia",
       title = "Ciber ataque Dyn",
       year = "2016",
       url = "https://es.wikipedia.org/wiki/Ciberataque_a_Dyn_de_octubre_de_2016",
       note = "[Ciber ataque Dyn]"
}



@misc{ wiki:Comando,
       author = "Wikipedia",
       title = "Patron de diseño Comando",
       year = "2016",
       url = "https://es.wikipedia.org/wiki/Command_(patr%C3%B3n_de_dise%C3%B1o)",
       note = "[Patron de diseño Comando]"
}
@misc{ wiki:Fachada,
       author = "Wikipedia",
       title = "Patron de diseño Fachada",
       year = "2016",
       url = "https://es.wikipedia.org/wiki/Facade_(patr%C3%B3n_de_dise%C3%B1o)",
       note = "[Patron de diseño Comando]"
}



@misc{ wiki:latex,
       author = "Wikipedia",
       title = "LaTeX --- Wikipedia{,} La enciclopedia libre",
       year = "2015",
       url = "https://es.wikipedia.org/w/index.php?title=LaTeX&oldid=84209252",
       note = "[Internet; descargado 30-septiembre-2015]"
}
@Inbook{Hunt2013,
author="Hunt, John",
title="Gang of Four Design Patterns",
bookTitle="Scala Design Patterns: Patterns for Practical Reuse and Design",
year="2013",
publisher="Springer International Publishing",
address="Cham",
pages="135--136",
isbn="978-3-319-02192-8",
doi="10.1007/978-3-319-02192-8_16",
url="http://dx.doi.org/10.1007/978-3-319-02192-8_16"
}