@book{koza92,
		author    = "Koza, John R.",
		title     = "Genetic Programming: On the Programming of Computers by Means of Natural Selection",
		publisher = "MIT Press",
		year      = "1992"
}


@book{Scrum,
		author    = "Juan Palacio, Claudia Ruata",
		title     = "Scrum Manager Gestion de proyectos",
		publisher = "Safe Creative",
		year      = "Enero-2011"
}


@Article{Lalueza:perez,
author = {Alejandro Pérez-Pérez, Carles Lalueza, Daniel Tubon},
title = {Dietary Inferences Through Buccal Microwear Analysis of Middle and Upper Pleistocene Human Fossils },
journal = {AMERICAN JOURNAL OF PHYSICAL ANTHROPOLOGY},
year = {1996},
}



@misc{ python:logger,
       author = "Python",
       title = "Registrador de errores",
       year = "2015",
       url = "https://docs.python.org/2/library/logging.html",
       note = "[logger]"
}
@misc{ cie:LAB,
       author = " S K Shukla,D V Parwate",
       title = "Radiosterilization of Fluoroquinolones and Cephalosporins:",
       year = "Feb 2009 ",
       url = "https://www.researchgate.net/figure/23789543_fig3_Fig-3-The-cubical-CIE-Lab-color-space",
       note = "[AAPS PharmSciTech]"
}


@misc{ wiki:latex,
       author = "Wikipedia",
       title = "LaTeX --- Wikipedia{,} La enciclopedia libre",
       year = "2015",
       url = "https://es.wikipedia.org/w/index.php?title=LaTeX&oldid=84209252",
       note = "[Internet; descargado 30-septiembre-2015]"
}
@misc{ IDE:Eclipse,
       author = "Eclipse",
       title = "Eclipse entorno de desarrollo",
       year = "2016",
       url = "https://eclipse.org/home/index.php",
       note = "[IDE]"
}
@misc{ Eclipse:PyDev,
       author = "Aleks Totic",
       title = "Plugin de Eclipse para desarrollo en Python",
       year = "July 2003,",
       url = "http://www.pydev.org/",
       note = "[Plugin]"
}

@misc{ Template:table,
       author = "Wikipedia",
       title = "Comparativa de Template Engines",
       year = "2007,",
       url = "https://en.wikipedia.org/wiki/Comparison_of_web_template_engines",
       note = "[Tabla]"
}
@misc{ p2exe,
       author = "JimmyRetzlaff,PeggyJoyc,TijnGommans",
       title = "Python script to exe ",
       year = "2014,",
       url = "http://www.py2exe.org/index.cgi/FrontPage",
       note = "[Ejecutable]"
}
@misc{ Pyinstaller,
       author = "Giovanni Bajo",
       title = "Python script to exe ",
       year = "2015,",
       url = "http://www.pyinstaller.org/ , https://github.com/pyinstaller/pyinstaller.git ",
       note = "[Ejecutable]"
}
@misc{ wiki:Laplace,
       author = "Wikipedia",
       title = "Laplace",
       year = "2016",
       url = "https://en.wikipedia.org/wiki/Discrete_Laplace_operator",
       note = "[Kernel de Laplace]"
}

@misc{ wiki:Prewitt,
       author = "Wikipedia",
       title = "Prewitt",
       year = "2016",
       url = "https://en.wikipedia.org/wiki/Prewitt_operator",
       note = "[Kernel de Prewitt]"
}


@misc{ jon:Scharr,
       author = "Johncostela",
       title = "Scharr",
       year = "2016",
       url = "http://johncostella.com/edgedetect/",
       note = "[Kernel de Scharr]"
}
@misc{ wiki:Sobel,
       author = "Wikipedia",
       title = "Sobel",
       year = "2016",
       url = "https://es.wikipedia.org/wiki/Operador_Sobel",
       note = "[Kernel de Sobel]"
}
@article{garcia2015dietary,
  title={Dietary inferences through dental microwear and isotope analyses of the Lower Magdalenian individual from El Mir{\'o}n Cave (Cantabria, Spain)},
  author={Garc{\'\i}a-Gonz{\'a}lez, Rebeca and Carretero, Jos{\'e} Miguel and Richards, Michael P and Rodr{\'\i}guez, Laura and Quam, Rolf},
  journal={Journal of Archaeological Science},
  volume={60},
  pages={28--38},
  year={2015},
  publisher={Elsevier}
}
@misc{ wiki:Roberts,
       author = "Wikipedia",
       title = "Roberts",
       year = "2016",
       url = "https://en.wikipedia.org/wiki/Roberts_cross",
       note = "[Kernel de Roberts]"
}
@misc{ wiki:Kirsch,
       author = "Wikipedia",
       title = "Kirsch",
       year = "2016",
       url = "https://en.wikipedia.org/wiki/Kirsch_operator",
       note = "[Kernel de Kirsch]"
}
@misc{ ubu:Rebe,
       author = "Rebeca",
       title = "PALEOBIOLOGíA Y PALEOECOLOGíA DE HOMíNIDOS",
       year = "2013",
       url = "http://www3.ubu.es/atapuerca/curri_rebe.html",
       note = "[Currículum Rebeca García González]"
}

@misc{ wiki:atapuerca,
       author = "Wikipedia",
       title = "Sierra de Atapuerca",
       year = "2016",
       url = "https://es.wikipedia.org/wiki/Sierra_de_Atapuerca",
       note = "[Yacimiento, Sierra de Atapuerca]"
}


@misc{ wiki:Gabor,
       author = "Wikipedia",
       title = "Gabor",
       year = "2016",
       url = "https://en.wikipedia.org/wiki/Gabor_filter",
       note = "[Kernel de Gabor]"
}
@misc{ wiki:Hessiana,
       author = "Wikipedia",
       title = "Hessiana",
       year = "2016",
       url = "https://en.wikipedia.org/wiki/Hessian_matrix",
       note = "[Matriz Hessiana]"
}
@misc{ wiki:Eigenvector,
       author = "Wikipedia",
       title = "Eigenvectors",
       year = "2016",
       url = "https://en.wikipedia.org/wiki/Eigenvalues_and_eigenvectors",
       note = "[Matrix eigenvectors]"
}
@misc{ wiki:kernels,
       author = "Wikipedia",
       title = "Kernels",
       year = "2016",
       url = "https://en.wikipedia.org/wiki/Kernel_(image_processing)",
       note = "[Tipos de Kernels]"
}



@misc{ Modelado:Astah,
       author = "Change Vision",
       title = "Modelado {UML}",
       year = "2006,",
       url = "http://astah.net/",
       note = "[Herramienta]"
}
@misc{ wiki:Tesseract,
       author = "Ray Smith",
       title = "OCR",
       year = "2006,",
       url = "https://en.wikipedia.org/wiki/Tesseract_(software)",
       note = "[Herramienta]"
}
@misc{ GitHub:CTemplate,
       author = "OlafvdSpek,Dragotin",
       title = "Template",
       year = "2005",
       url = "https://github.com/OlafvdSpek/ctemplate",
       note = "[Herramienta]"
}
@misc{ et,
       author = "suyu34",
       title = "Et-Template",
       year = "2015",
       url = "https://github.com/et-studio/et-template",
       note = "[Herramienta]" 
}
@misc{ OCR,
       author = "Wikipedia",
       title = "Reconocimiento óptico de caracteres",
       url = "https://es.wikipedia.org/wiki/Reconocimiento_%C3%B3ptico_de_caracteres",
       note = "[Herramienta]"
}
@misc{ Wiki:Grafos,
       author = "Wikipedia",
       title = "Teoría de Grafos",
       year = "-,",
       url = "https://es.wikipedia.org/wiki/Teor%C3%ADa_de_grafos",
       note = "[Modelo matemático]"
}
@misc{ Wiki:xml,
       author = "Wikipedia",
       title = "XML",
       year = "-,",
       url = "https://es.wikipedia.org/wiki/Extensible_Markup_Language",
       note = "[XML]"
}

@misc{ wiki:hough,
       author = "Wikipedia",
       title = "La transformada de hough",
       year = "2015",
       url = "https://es.wikipedia.org/wiki/Transformada_de_Hough",
       note = "[Psudocódigo transformada de hough]"
}
@misc{ Numpy,
       author = "Scypi.org",
       title = "Biblioteca de funciones python",
       year = "2013",
       url = "http://www.numpy.org/",
       note = "[ Biblioteca de funciones]"
}


@misc{ pat:patHough,
       author = "Paul Hough",
       title = "Patente de paul hough Line transform",
       year = "1962",
       url = "https://www.google.com/patents/US3069654",
       note = "[Internet; descargado 26-septiembre-2016]"
}
@misc{ modelo:hsv,
       author = "Alvy Ray Smith",
       title = "Modelo HSV",
       year = "1978",
       url = "https://es.wikipedia.org/wiki/Modelo_de_color_HSV",
       note = "[Modelo de color]"
}
@misc{ wiki:lab,
       author = "wikipedia",
       title = "Modelo LAB",
       year = "1978",
       url = "https://es.wikipedia.org/wiki/Espacio_de_color_Lab",
       note = "[Modelo de color]"
}

@misc{ opencv:houghIm,
       author = "Bradski, G.",
       title = "Transformada de hough",
       year = "2000",
       url = "http://code.opencv.org/projects/opencv/wiki/CiteOpenCV",
       note = "[imagen de la documentación de OpenCv]"
}
@misc{ opencv:wiki,
       author = "Bradski, G.",
       title = "OpenCv",
       year = "2000",
       url = "http://code.opencv.org/projects/opencv/wiki",
       note = "[Documentacion de OpenCv]"
}

@misc{ Manual:HAE,
       author = "César Represa",
       title = "Manual de hardware de aplicación especifica",
       year = "2015",
       OPTorganization = {Universidad de Burgos},
       note = "[imágenes del manual]"
}
@article{Kiryati20001157,
title = "Randomized or probabilistic Hough transform: unified performance evaluation ",
journal = "Pattern Recognition Letters ",
volume = "21",
number = "13–14",
pages = "1157 - 1164",
year = "2000",
note = "Selected Papers from The 11th Scandinavian Conference on Image ",
issn = "0167-8655",
doi = "http://dx.doi.org/10.1016/S0167-8655(00)00077-5",
url = "http://www.sciencedirect.com/science/article/pii/S0167865500000775",
author = "Nahum Kiryati and Heikki Kälviäinen and Satu Alaoutinen",
keywords = "Performance evaluation",
keywords = "Probabilistic Hough transform (PHT)",
keywords = "Randomized Hough transform (RHT) "
}


@misc{ scik:skeleton,
 	   title = {scikit-image: image processing in {P}ython},
       author = {van der Walt, {S}t\'efan and {S}ch\"onberger, {J}ohannes 		{L}. and
           {Nunez-Iglesias}, {J}uan and {B}oulogne, {F}ran\c{c}ois and {W}arner,
           {J}oshua {D}. and {Y}ager, {N}eil and {G}ouillart, {E}mmanuelle and
           {Y}u, {T}ony and the scikit-image contributors},
 year = {2014},
       url = "http://scikit-image.org/docs/dev/auto_examples/		plot_skeleton.html",
       note = "[Internet; descargado 26-septiembre-2016]"
}

@article{bortolot2005,
  title={Estimating forest biomass using small footprint LiDAR data: An individual tree-based approach that incorporates training data},
  author={Bortolot, Zachary J and Wynne, Randolph H},
  journal={ISPRS Journal of Photogrammetry and Remote Sensing},
  volume={59},
  number={6},
  pages={342--360},
  year={2005},
  publisher={Elsevier}
}

